@article{[1],
  author  = {Ayesha Siddika and Imam Hossain},
  title   = {LPG Gas Leakage Monitoring and Alert System using
             Arduino},
  journal = {International Journal of Science and Research (IJSR)},
  year    = {2018}
},
@article{[2],
  author  = {Juhi Chaudhary and Anurag Mishra},
  title   = {Detection of Gas Leakage and Automatic Alert System using Arduino},
  journal = {SSRN Electronic Journal},
  year    = {2019}
},
@article{[3],
  author  = {T.Soundarya and J.V. Anchitaalagammai},
  title   = {Control and Monitoring System For LPG Detection},
  journal = {nternational Journal of Innovative Research in Science, Engineering and Technology},
  volume  = {3},
  year    = {2014}
},
@article{[4],
  author  = {Ravi Kishore Kodali and Tirumala Devi B and Sasweth C. Rajanarayanan},
  title   = {IOT  Based  Automatic LPG Gas Booking  And Leakage Detection System},
  journal = {IEEE},
  year    = {2018}
},
@article{[5],
  author  = {R.Naresh Naik and P.Siva Nagendra Reddy  and S.Nanda Kishore and K.Tharun Kumar Reddy},
  title   = {Arduino Based LPG gas Monitoring & Automatic Cylinder},
  journal = {IOSR Journal of Electronics and Communication Engineering (IOSR-JECE)},
  year    = {2016}
},
@article{[6],
  author  = {Alan Macker and Anil  Kumar Shukla and Sagarika  Dey and Jyoti  Agarwal},
  title   = {ARDUINO Based LPG gas Monitoring and Automatic Cylinder booking with Alert System},
  journal = {IEEE},
  year    = {2018}
},
@article{[7],
  author  = {Arpit Kumar Srivastava and Shivam Thakur and Ashutosh Kumar and Arpit Raj},
  title   = {IoT Based LPG Cylinder Monitoring System},
  journal = { IEEE International Symposium on Smart Electronic Systems (iSES)},
  year    = {2019}
},
@article{[8],
  author  = {Ali Ahsan and Mohammad  Zahirul lslam and Rumali Siddiqua},
  title   = {An IoT Based Interactive LPG Cylinder Monitoring System  with Sensor Node  Based Safety Protocol for Developing Countries},
  journal = {IEEE Region  10 Symposium},
  year    = {2020}
}